@article{deford2022partisan,
  title={Partisan dislocation: A precinct-level measure of representation and gerrymandering},
  author={DeFord, Daryl R and Eubank, Nicholas and Rodden, Jonathan},
  journal={Political Analysis},
  volume={30},
  number={3},
  pages={403--425},
  year={2022},
  publisher={Cambridge University Press}
}

% SAMPLING %%%%%%%%%%%%%%%%%%%%%%%%%%%%%%%%%%%%%%%%%%%%%%%%%%%%%%%%%%%%%%%%%%%%

@article{cannon2022spanning,
  title={Spanning tree methods for sampling graph partitions},
  author={Cannon, Sarah and Duchin, Moon and Randall, Dana and Rule, Parker},
  journal={arXiv preprint arXiv:2210.01401},
  year={2022}
}

@article{mattingly2014,
  title={Redistricting and the Will of the People},
  author={Mattingly, Jonathan C and Vaughn, Christy},
  journal={arXiv preprint arXiv:1410.8796},
  year={2014}
}

@article{recom,
  title = {Recombination: A Family of {M}arkov Chains for Redistricting},
  author={DeFord, Daryl and Duchin, Moon and Solomon, Justin},
  journal = {Harvard Data Science Review},
  doi = {10.1162/99608f92.eb30390f},
  volume={3},
  number={1},
  pages={3},
  year={2021}
}

@article{mergesplit,
  title={A Merge-Split Proposal for Reversible {M}onte {C}arlo {M}arkov Chain Sampling of Redistricting Plans},
  author={Carter, Daniel and Herschlag, Gregory and Hunter, Zach and Mattingly, Jonathan},
  journal={arXiv preprint arXiv:1911.01503},
  year={2019}
}

@article{autry2023metropolized,
  title={Metropolized forest recombination for {M}onte {C}arlo sampling of graph partitions},
  author={Autry, Eric and Carter, Daniel and Herschlag, Gregory J and Hunter, Zach and Mattingly, Jonathan C},
  journal={SIAM Journal on Applied Mathematics},
  volume={83},
  number={4},
  pages={1366--1391},
  year={2023},
  publisher={SIAM}
}

@article{fifield2020automated,
  title={Automated redistricting simulation using {M}arkov chain {M}onte {C}arlo},
  author={Fifield, Benjamin and Higgins, , Michael and Imai, Kosuke and Tarr, Alexander},
  journal={Journal of Computational and Graphical Statistics},
  volume={29},
  number={4},
  pages={715--728},
  year={2020},
  publisher={Taylor \& Francis}
}

@article{wu2015,
  title={Impartial redistricting: A {M}arkov {C}hain approach},
  author={Wu, Lucy Chenyun and Dou, Jason Xiaotian and Sleator, Danny and Frieze, Alan and Miller, David},
  journal={arXiv preprint arXiv:1510.03247},
  year={2015}
}

@article{magleby2018,
  title={A new approach for developing neutral redistricting plans},
  author={Magleby, Daniel B and Mosesson, Daniel B},
  journal={Political Analysis},
  volume={26},
  number={2},
  pages={147--167},
  year={2018},
  publisher={Cambridge University Press}
}

@article{mccartan2023,
  title={Sequential {M}onte {C}arlo for sampling balanced and compact redistricting plans},
  author={McCartan, Cory and Imai, Kosuke},
  journal={Annals of Applied Statistics},
  volume={17},
  number={4},
  pages={3300--3323},
  year={2023}
}


@manual{redist,
  title = {{redist}: Simulation Methods for Legislative Redistricting},
  author = {Christopher T. Kenny and Cory McCartan and Ben Fifield and Kosuke Imai},
  year = {2022},
  note = {R package; available at \url{https://alarm-redist.org/redist/}},
}

% Misc %%%%%%%%%%%%%%%%%%%%%%%%%%%%%%%%%%%%%%%%%%%%%%%%%%%%%%%%%%%%%%%%%%%%

@article{mccartan2022simulated,
  title={Simulated redistricting plans for the analysis and evaluation of redistricting in the {United States}},
  author={McCartan, Cory and Kenny, Christopher T and Simko, Tyler and Garcia III, George and Wang, Kevin and Wu, Melissa and Kuriwaki, Shiro and Imai, Kosuke},
  journal={Scientific Data},
  volume={9},
  number={1},
  pages={689},
  year={2022},
  publisher={Nature Publishing Group UK London}
}

@article{kenny2023widespread,
  title={Widespread partisan gerrymandering mostly cancels nationally, but reduces electoral competition},
  author={Kenny, Christopher T and McCartan, Cory and Simko, Tyler and Kuriwaki, Shiro and Imai, Kosuke},
  journal={Proceedings of the National Academy of Sciences},
  volume={120},
  number={25},
  pages={e2217322120},
  year={2023},
  publisher={National Acad Sciences}
}

@article{mccartan2022individual,
 title={Individual and Differential Harm in Redistricting},
 note={\url{https://osf.io/preprints/socarxiv/nc2x7}},
 DOI={10.31235/osf.io/nc2x7},
 journal={SocArXiv},
 author={McCartan, Cory and Kenny, Christopher T},
 year={2022},
 month={Jun}
}

@misc{alexander2023,
    author={\textit{Alexander v. South Carolina State Conference of the NAACP}},
    title={{143 S. Ct. 2456}},
    year={{2023}}
}
@article{imai2023sc,
    author={Imai, Kosuke},
    title={Expert Report of {Kosuke Imai, Ph.D.}},
    journal={{Alexander v. South Carolina State Conference of the NAACP}},
    volume={{143 S. Ct. 2456}},
    year={{2023}}
}

@article{deluca2023validating,
  title={Validating the applicability of {B}ayesian inference with surname and geocoding to congressional redistricting},
  author={DeLuca, Kevin and Curiel, John A},
  journal={Political Analysis},
  volume={31},
  number={3},
  pages={465--471},
  year={2023},
  publisher={Cambridge University Press}
}

@article{buja2009statistical,
  title={Statistical inference for exploratory data analysis and model diagnostics},
  author={Buja, Andreas and Cook, Dianne and Hofmann, Heike and Lawrence, Michael and Lee, Eun-Kyung and Swayne, Deborah F and Wickham, Hadley},
  journal={Philosophical Transactions of the Royal Society A: Mathematical, Physical and Engineering Sciences},
  volume={367},
  number={1906},
  pages={4361--4383},
  year={2009},
  publisher={The Royal Society Publishing}
}

@article{benjamini1995controlling,
  title={Controlling the false discovery rate: a practical and powerful approach to multiple testing},
  author={Benjamini, Yoav and Hochberg, Yosef},
  journal={Journal of the Royal statistical society: series B (Methodological)},
  volume={57},
  number={1},
  pages={289--300},
  year={1995},
  publisher={Wiley Online Library}
}

@article{opbcase,
 author  = {VanderHart, Dirk},
 date    = {2021-11-24},
 year    = {2021},
 title   = {Judicial panel upholds {O}regon {D}emocratsâ€™ new {US} congressional districts},
 journal = {Oregon Public Broadcasting},
 note     = {\url{https://www.opb.org/article/2021/11/24/judicial-panel-upholds-oregon-democrats-new-congressional-districts/}},
 urldate = {2023-12-08}
}
